@article{doi:10.1080/00031305.1996.10473540,
author = {Carlin, Bradley P.},
title = {Improved NCAA Basketball Tournament Modeling via Point Spread and Team Strength Information},
journal = {The American Statistician},
volume = {50},
number = {1},
pages = {39-43},
year = {1996},
doi = {10.1080/00031305.1996.10473540},
URL = {http://amstat.tandfonline.com/doi/abs/10.1080/00031305.1996.10473540},
eprint = {http://amstat.tandfonline.com/doi/pdf/10.1080/00031305.1996.10473540}
}


